@article{bien2018deep,
  title={Deep-learning-assisted diagnosis for knee magnetic resonance imaging: Development and retrospective validation of MRNet},
  author={Bien, Nicholas and Rajpurkar, Pranav and Ball, Robyn L and Irvin, Jeremy and Park, Allison and Jones, Erik and Bereket, Michael and Patel, Bhavik N and Yeom, Kristen W and Shpanskaya, Katie and others},
  journal={PLoS medicine},
  volume={15},
  number={11},
  pages={e1002699},
  year={2018},
  publisher={Public Library of Science}
}

@article{simonyan2014very,
  title={Very deep convolutional networks for large-scale image recognition},
  author={Simonyan, Karen and Zisserman, Andrew},
  journal={arXiv preprint arXiv:1409.1556},
  year={2014}
}

@inproceedings{he2016deep,
  title={Deep residual learning for image recognition},
  author={He, Kaiming and Zhang, Xiangyu and Ren, Shaoqing and Sun, Jian},
  booktitle={Proceedings of the IEEE conference on computer vision and pattern recognition},
  pages={770--778},
  year={2016}
}

@InProceedings{niftynet18,
  author = "Eli Gibson and Wenqi Li and Carole Sudre and Lucas Fidon and
            Dzhoshkun I. Shakir and Guotai Wang and Zach Eaton-Rosen and
            Robert Gray and Tom Doel and Yipeng Hu and Tom Whyntie and
            Parashkev Nachev and Marc Modat and Dean C. Barratt and
            SÃ©bastien Ourselin and M. Jorge Cardoso and Tom Vercauteren",
  title = "NiftyNet: a deep-learning platform for medical imaging",
  journal = "Computer Methods and Programs in Biomedicine",
  year = "2018",
  issn = "0169-2607",
  doi = "https://doi.org/10.1016/j.cmpb.2018.01.025",
  url = "https://www.sciencedirect.com/science/article/pii/S0169260717311823",
}

@article{liu2018applications,
  title={Applications of deep learning to MRI images: A survey},
  author={Liu, Jin and Pan, Yi and Li, Min and Chen, Ziyue and Tang, Lu and Lu, Chengqian and Wang, Jianxin},
  journal={Big Data Mining and Analytics},
  volume={1},
  number={1},
  pages={1--18},
  year={2018},
  publisher={TUP}
}

@article{mishkin2017systematic,
  title={Systematic evaluation of convolution neural network advances on the imagenet},
  author={Mishkin, Dmytro and Sergievskiy, Nikolay and Matas, Jiri},
  journal={Computer Vision and Image Understanding},
  volume={161},
  pages={11--19},
  year={2017},
  publisher={Elsevier}
}

@article{lundervold2018overview,
  title={An overview of deep learning in medical imaging focusing on MRI},
  author={Lundervold, Alexander Selvikv{\aa}g and Lundervold, Arvid},
  journal={Zeitschrift f{\"u}r Medizinische Physik},
  year={2018},
  publisher={Elsevier}
}

@article{nyul2000new,
  title={New variants of a method of MRI scale standardization},
  author={Ny{\'u}l, L{\'a}szl{\'o} G and Udupa, Jayaram K and Zhang, Xuan},
  journal={IEEE transactions on medical imaging},
  volume={19},
  number={2},
  pages={143--150},
  year={2000},
  publisher={Citeseer}
}

@inproceedings{prasoon2013deep,
  title={Deep feature learning for knee cartilage segmentation using a triplanar convolutional neural network},
  author={Prasoon, Adhish and Petersen, Kersten and Igel, Christian and Lauze, Fran{\c{c}}ois and Dam, Erik and Nielsen, Mads},
  booktitle={International conference on medical image computing and computer-assisted intervention},
  pages={246--253},
  year={2013},
  organization={Springer}
}
