@article{bien2018deep,
  title={Deep-learning-assisted diagnosis for knee magnetic resonance imaging: Development and retrospective validation of MRNet},
  author={Bien, Nicholas and Rajpurkar, Pranav and Ball, Robyn L and Irvin, Jeremy and Park, Allison and Jones, Erik and Bereket, Michael and Patel, Bhavik N and Yeom, Kristen W and Shpanskaya, Katie and others},
  journal={PLoS medicine},
  volume={15},
  number={11},
  pages={e1002699},
  year={2018},
  publisher={Public Library of Science}
}

@article{simonyan2014very,
  title={Very deep convolutional networks for large-scale image recognition},
  author={Simonyan, Karen and Zisserman, Andrew},
  journal={arXiv preprint arXiv:1409.1556},
  year={2014}
}

@inproceedings{he2016deep,
  title={Deep residual learning for image recognition},
  author={He, Kaiming and Zhang, Xiangyu and Ren, Shaoqing and Sun, Jian},
  booktitle={Proceedings of the IEEE conference on computer vision and pattern recognition},
  pages={770--778},
  year={2016}
}

@InProceedings{niftynet18,
  author = "Eli Gibson and Wenqi Li and Carole Sudre and Lucas Fidon and
            Dzhoshkun I. Shakir and Guotai Wang and Zach Eaton-Rosen and
            Robert Gray and Tom Doel and Yipeng Hu and Tom Whyntie and
            Parashkev Nachev and Marc Modat and Dean C. Barratt and
            Sébastien Ourselin and M. Jorge Cardoso and Tom Vercauteren",
  title = "NiftyNet: a deep-learning platform for medical imaging",
  journal = "Computer Methods and Programs in Biomedicine",
  year = "2018",
  issn = "0169-2607",
  doi = "https://doi.org/10.1016/j.cmpb.2018.01.025",
  url = "https://www.sciencedirect.com/science/article/pii/S0169260717311823",
}

@article{liu2018applications,
  title={Applications of deep learning to MRI images: A survey},
  author={Liu, Jin and Pan, Yi and Li, Min and Chen, Ziyue and Tang, Lu and Lu, Chengqian and Wang, Jianxin},
  journal={Big Data Mining and Analytics},
  volume={1},
  number={1},
  pages={1--18},
  year={2018},
  publisher={TUP}
}

@article{mishkin2017systematic,
  title={Systematic evaluation of convolution neural network advances on the imagenet},
  author={Mishkin, Dmytro and Sergievskiy, Nikolay and Matas, Jiri},
  journal={Computer Vision and Image Understanding},
  volume={161},
  pages={11--19},
  year={2017},
  publisher={Elsevier}
}

@article{lundervold2018overview,
  title={An overview of deep learning in medical imaging focusing on MRI},
  author={Lundervold, Alexander Selvikv{\aa}g and Lundervold, Arvid},
  journal={Zeitschrift f{\"u}r Medizinische Physik},
  year={2018},
  publisher={Elsevier}
}

@article{nyul2000new,
  title={New variants of a method of MRI scale standardization},
  author={Ny{\'u}l, L{\'a}szl{\'o} G and Udupa, Jayaram K and Zhang, Xuan},
  journal={IEEE transactions on medical imaging},
  volume={19},
  number={2},
  pages={143--150},
  year={2000},
  publisher={Citeseer}
}

@inproceedings{prasoon2013deep,
  title={Deep feature learning for knee cartilage segmentation using a triplanar convolutional neural network},
  author={Prasoon, Adhish and Petersen, Kersten and Igel, Christian and Lauze, Fran{\c{c}}ois and Dam, Erik and Nielsen, Mads},
  booktitle={International conference on medical image computing and computer-assisted intervention},
  pages={246--253},
  year={2013},
  organization={Springer}
}

@inproceedings{krizhevsky2012imagenet,
  title={Imagenet classification with deep convolutional neural networks},
  author={Krizhevsky, Alex and Sutskever, Ilya and Hinton, Geoffrey E},
  booktitle={Advances in neural information processing systems},
  pages={1097--1105},
  year={2012}
}

@article{vstajduhar2017semi,
  title={Semi-automated detection of anterior cruciate ligament injury from MRI},
  author={{\v{S}}tajduhar, Ivan and Mamula, Mihaela and Mileti{\'c}, Damir and {\"U}nal, G{\"o}zde},
  journal={Computer methods and programs in biomedicine},
  volume={140},
  pages={151--164},
  year={2017},
  publisher={Elsevier}
}

@inproceedings{szegedy2015going,
  title={Going deeper with convolutions},
  author={Szegedy, Christian and Liu, Wei and Jia, Yangqing and Sermanet, Pierre and Reed, Scott and Anguelov, Dragomir and Erhan, Dumitru and Vanhoucke, Vincent and Rabinovich, Andrew},
  booktitle={Proceedings of the IEEE conference on computer vision and pattern recognition},
  pages={1--9},
  year={2015}
}

@inproceedings{hu2018squeeze,
  title={Squeeze-and-excitation networks},
  author={Hu, Jie and Shen, Li and Sun, Gang},
  booktitle={Proceedings of the IEEE conference on computer vision and pattern recognition},
  pages={7132--7141},
  year={2018}
}

@article{chi2017thyroid,
  title={Thyroid nodule classification in ultrasound images by fine-tuning deep convolutional neural network},
  author={Chi, Jianning and Walia, Ekta and Babyn, Paul and Wang, Jimmy and Groot, Gary and Eramian, Mark},
  journal={Journal of digital imaging},
  volume={30},
  number={4},
  pages={477--486},
  year={2017},
  publisher={Springer}
}

@article{korfiatis2017residual,
  title={Residual deep convolutional neural network predicts MGMT methylation status},
  author={Korfiatis, Panagiotis and Kline, Timothy L and Lachance, Daniel H and Parney, Ian F and Buckner, Jan C and Erickson, Bradley J},
  journal={Journal of digital imaging},
  volume={30},
  number={5},
  pages={622--628},
  year={2017},
  publisher={Springer}
}

@inproceedings{szegedy2016rethinking,
  title={Rethinking the inception architecture for computer vision},
  author={Szegedy, Christian and Vanhoucke, Vincent and Ioffe, Sergey and Shlens, Jon and Wojna, Zbigniew},
  booktitle={Proceedings of the IEEE conference on computer vision and pattern recognition},
  pages={2818--2826},
  year={2016}
}

@article{kim2018artificial,
  title={Artificial intelligence in fracture detection: transfer learning from deep convolutional neural networks},
  author={Kim, DH and MacKinnon, T},
  journal={Clinical radiology},
  volume={73},
  number={5},
  pages={439--445},
  year={2018},
  publisher={Elsevier}
}

@article{orlando2015diagnosis,
  title={Diagnosis of knee injuries: comparison of the physical examination and magnetic resonance imaging with the findings from arthroscopy},
  author={Orlando J{\'u}nior, Nilton and Le{\~a}o, Marcos George de Souza and Oliveira, Nelson Henrique Carvalho de},
  journal={Revista brasileira de ortopedia},
  volume={50},
  number={6},
  pages={712--719},
  year={2015},
  publisher={SciELO Brasil}
}

@article{figueiredo2018use,
  title={Use of MRI by radiologists and orthopaedic surgeons to detect intra-articular injuries of the knee},
  author={Figueiredo, Sergio and Castelo, Luis Sa and Pereira, Ana Daniela and Machado, Luis and Silva, Joao Andre and Sa, Antonio},
  journal={Revista brasileira de ortopedia},
  volume={53},
  number={1},
  pages={28--32},
  year={2018},
  publisher={SciELO Brasil}
}

@article{smith2012diagnostic,
  title={The diagnostic accuracy of anterior cruciate ligament rupture using magnetic resonance imaging: a meta-analysis},
  author={Smith, TO and Lewis, M and Song, F and Toms, AP and Donell, ST and Hing, CB},
  journal={European Journal of Orthopaedic Surgery \& Traumatology},
  volume={22},
  number={4},
  pages={315--326},
  year={2012},
  publisher={Springer}
}

@MISC{kolata2011,
   author={Kolata, Gina},
   title={Sports Medicine Said to Overuse M.R.I.’s},
   editor={nytimes.com},
   month={October},
   year={2011},
   url={https://www.nytimes.com/2011/10/29/health/mris-often-overused-often-mislead-doctors-warn.html},
   note={[Online; posted 28-October-2011]},
 }

@article{boeve1991magnetic,
  title={Magnetic resonance imaging in the evaluation of knee injuries.},
  author={Boeve, Bradley F and Davidson, RA and Staab, Jr EV},
  journal={Southern medical journal},
  volume={84},
  number={9},
  pages={1123--1127},
  year={1991}
}

@article{felli2016comparison,
  title={Comparison of clinical, MRI and arthroscopic assessments of chronic ACL injuries, meniscal tears and cartilage defects},
  author={Felli, L and Garlaschi, G and Muda, A and Tagliafico, A and Formica, M and Zanirato, A and Alessio-Mazzola, M},
  journal={Musculoskeletal surgery},
  volume={100},
  number={3},
  pages={231--238},
  year={2016},
  publisher={Springer}
}

@article{yaqoob2015diagnostic,
  title={Diagnostic accuracy of Magnetic Resonance Imaging in assessment of Meniscal and ACL tear: Correlation with arthroscopy},
  author={Yaqoob, Jamal and Alam, Muhammad Shahbaz and Khalid, Nadeem},
  journal={Pakistan journal of medical sciences},
  volume={31},
  number={2},
  pages={263},
  year={2015},
  publisher={Professional Medical Publications}
}
